02RETORNO01COBRANCA       132400567890        NOME EMPRESA LTDA             341BANCO ITAU S.A.09112101600BPI00002101121                                                                                                                                                                                                                                                                                   000001
10212345678910111132400567890        EWTJ4HHV-TEM5-VH3HGM-C7DR00000004            109000000046             I02091121          00000004            09112100000000001003411234008000000000000000000000000000000000000000000000000000000000000000000000000000000000000000000000000000000000000000000000         00000000000000000000000VITOR RICARDO                                                         000002
9201341          000000000000000000000000000000          000000000000000000000000000000                                                  000000000000000000000000000000          0000000400000000037000  10/11S000020000000100000000000100                                                                                                                                                                000003
